<?xml version="1.0" encoding="UTF-8"?><record xmlns="http://www.loc.gov/MARC21/slim" xmlns:cinclude="http://apache.org/cocoon/include/1.0" xmlns:zs="http://www.loc.gov/zing/srw/">
  <leader>00617cz  a2200145n  4500</leader>
  <controlfield tag="001">n  80154097 </controlfield>
  <controlfield tag="003">DLC</controlfield>
  <controlfield tag="005">20090205081507.0</controlfield>
  <controlfield tag="008">801202n| acannaabn          |b ana      </controlfield>
  <datafield tag="010" ind1=" " ind2=" ">
    <subfield code="a">n  80154097 </subfield>
  </datafield>
  <datafield tag="035" ind1=" " ind2=" ">
    <subfield code="a">(OCoLC)oca00534066</subfield>
  </datafield>
  <datafield tag="040" ind1=" " ind2=" ">
    <subfield code="a">DLC</subfield>
    <subfield code="b">eng</subfield>
    <subfield code="c">DLC</subfield>
    <subfield code="d">OCoLC</subfield>
  </datafield>
  <datafield tag="110" ind1="1" ind2=" ">
    <subfield code="a">Missouri.</subfield>
    <subfield code="b">Campaign Reporting Division</subfield>
  </datafield>
  <datafield tag="410" ind1="1" ind2=" ">
    <subfield code="a">Missouri.</subfield>
    <subfield code="b">Office of the Secretary of State.</subfield>
    <subfield code="b">Campaign Reporting Division</subfield>
  </datafield>
  <datafield tag="670" ind1=" " ind2=" ">
    <subfield code="a">Its Summary of the Missouri campaign finance disclosure law of 1978, 1980:</subfield>
    <subfield code="b">t.p. (Campaign Reporting Division) p. 4 of cover (Campaign Reporting Division, Office of Secretary of State, Jefferson City, Mo.)</subfield>
  </datafield>
</record>